<record><leader>00000cas a22000007a 4500</leader><controlfield tag="001">27393737</controlfield><controlfield tag="008">930208d182u183uvaucr ne      0    0eng d</controlfield><datafield ind1=" " ind2=" " tag="010"><subfield code="a">sn 93053744 </subfield></datafield><datafield ind1=" " ind2=" " tag="040"><subfield code="a">CNW</subfield><subfield code="b">eng</subfield><subfield code="c">CNW</subfield><subfield code="d">CNK</subfield><subfield code="d">OCL</subfield><subfield code="d">OCLCQ</subfield><subfield code="d">OCLCF</subfield><subfield code="d">OCLCO</subfield></datafield><datafield ind1=" " ind2=" " tag="042"><subfield code="a">msc</subfield></datafield><datafield ind1=" " ind2=" " tag="043"><subfield code="a">n-us-va</subfield></datafield><datafield ind1="0" ind2=" " tag="130"><subfield code="a">People's free press (Norfolk, Va.)</subfield></datafield><datafield ind1="1" ind2="4" tag="245"><subfield code="a">The people's free press.</subfield></datafield><datafield ind1=" " ind2=" " tag="260"><subfield code="a">Norfolk [Va.] :</subfield><subfield code="b">James C. West</subfield></datafield><datafield ind1=" " ind2=" " tag="300"><subfield code="a">v.</subfield></datafield><datafield ind1=" " ind2=" " tag="310"><subfield code="a">Semiweekly,</subfield><subfield code="b">&lt;Nov. 1830&gt;</subfield></datafield><datafield ind1=" " ind2=" " tag="321"><subfield code="a">Weekly,</subfield><subfield code="b">&lt;Sept. 1830&gt;</subfield></datafield><datafield ind1=" " ind2=" " tag="588"><subfield code="a">Description based on: Vol. 1, no. 98 (Sept. 4, 1830).</subfield></datafield><datafield ind1=" " ind2="0" tag="651"><subfield code="a">Norfolk (Va.)</subfield><subfield code="v">Newspapers.</subfield></datafield><datafield ind1=" " ind2="7" tag="655"><subfield code="a">Newspapers.</subfield><subfield code="2">fast</subfield><subfield code="0">(OCoLC)fst01423814</subfield></datafield><datafield ind1=" " ind2="7" tag="651"><subfield code="a">Virginia</subfield><subfield code="z">Norfolk.</subfield><subfield code="2">fast</subfield><subfield code="0">(OCoLC)fst01206844</subfield></datafield><datafield ind1=" " ind2=" " tag="752"><subfield code="a">United States</subfield><subfield code="b">Virginia</subfield><subfield code="c">Norfolk</subfield><subfield code="d">Norfolk.</subfield></datafield></record>